Automatically generated by Mendeley Desktop 1.13.8
Any changes to this file will be lost if it is regenerated by Mendeley.

BibTeX export options can be customized via Options -> BibTeX in Mendeley Desktop

@article{Walker2015a,
author = {Walker, Patrick G T and White, Michael T and Griffin, Jamie T and Reynolds, Alison and Ferguson, Neil M and Ghani, Azra C},
doi = {10.1016/S1473-3099(15)70124-6},
issn = {14733099},
journal = {Lancet Infect. Dis.},
number = {15},
pages = {1--8},
title = {{Malaria morbidity and mortality in Ebola-affected countries caused by decreased health-care capacity, and the potential effect of mitigation strategies: a modelling analysis}},
url = {http://linkinghub.elsevier.com/retrieve/pii/S1473309915701246},
volume = {3099},
year = {2015}
}
@article{Feldmann2010,
author = {Feldmann, Heinz},
doi = {10.1016/S0140-6736(10)60597-1},
issn = {1474-547X},
journal = {Lancet},
keywords = {Animals,Ebola,Ebola: therapy,Hemorrhagic Fever,Humans,Macaca,RNA,Small Interfering,Small Interfering: therapeutic use},
month = may,
number = {9729},
pages = {1850--2},
pmid = {20511001},
title = {{Are we any closer to combating Ebola infections?}},
url = {http://www.pubmedcentral.nih.gov/articlerender.fcgi?artid=3398603\&tool=pmcentrez\&rendertype=abstract},
volume = {375},
year = {2010}
}
@article{Kremer2015,
author = {Kremer, E J and {Van de Perre}, P},
doi = {10.1136/bmj.h1307},
isbn = {1756-1833 (Electronic)0959-535X (Linking)},
journal = {BMJ},
number = {March},
pages = {h1307},
pmid = {25757599},
title = {{Ebola vaccines based on adenovirus vectors and risk of HIV}},
url = {http://www.ncbi.nlm.nih.gov/pubmed/25757599},
volume = {350},
year = {2015}
}
@article{Fisman2014,
author = {Fisman, David and Khoo, Edwin and Tuite, Ashleigh},
doi = {10.1371/currents.outbreaks.89c0d3783f36958d96ebbae97348d571.Abstract},
journal = {PLOS Curr. Outbreaks},
number = {December 2013},
title = {{Early Epidemic Dynamics of the West African 2014 Ebola Outbreak : Estimates Derived with a Simple Two-Parameter Model}},
year = {2014}
}
@article{Geisbert2008,
author = {Geisbert, Thomas W and Daddario-Dicaprio, Kathleen M and Lewis, Mark G and Geisbert, Joan B and Grolla, Allen and Leung, Anders and Paragas, Jason and Matthias, Lennox and Smith, Mark a and Jones, Steven M and Hensley, Lisa E and Feldmann, Heinz and Jahrling, Peter B},
doi = {10.1371/journal.ppat.1000225},
issn = {1553-7374},
journal = {PLoS Pathog.},
keywords = {Animals,CD4-Positive T-Lymphocytes,Drug Evaluation, Preclinical,Drug-Related Side Effects and Adverse Reactions,Ebola Vaccines,Ebola Vaccines: administration \& dosage,Ebola Vaccines: pharmacology,Genetic Vectors,Immunocompromised Host,Macaca mulatta,Primates,Simian Acquired Immunodeficiency Syndrome,Simian Acquired Immunodeficiency Syndrome: therapy,Treatment Outcome,Vesicular Stomatitis,Viral Proteins},
month = nov,
number = {11},
pages = {e1000225},
pmid = {19043556},
title = {{Vesicular stomatitis virus-based ebola vaccine is well-tolerated and protects immunocompromised nonhuman primates.}},
url = {http://www.pubmedcentral.nih.gov/articlerender.fcgi?artid=2582959\&tool=pmcentrez\&rendertype=abstract},
volume = {4},
year = {2008}
}
@article{Jeffs2007,
author = {Roddy, Paul and Weatherill, David and Jeffs, Benjamin and Abaakouk, Zohra and Dorion, Claire and Rodriguez-Martinez, Josefa and Palma, Pedro Pablo and de la Rosa, Olimpia and Villa, Luis and Grovas, Isabel and Borchert, Matthias},
doi = {10.1086/520544},
issn = {0022-1899},
journal = {J. Infect. Dis.},
keywords = {Angola,Angola: epidemiology,Animals,Child,Community Health Services,Disease Outbreaks,Funeral Rites,Geography,Hospital,Hospital: statistics \& numerical data,Humans,Hygiene,Incidence,Inpatients,International Cooperation,Marburg Virus Disease,Marburg Virus Disease: epidemiology,Marburg Virus Disease: mortality,Marburg Virus Disease: physiopathology,Marburg Virus Disease: prevention \& control,Personnel,Physicians,Social Support,Survival Analysis,World Health},
month = nov,
number = {Suppl 2},
pages = {S154--61},
pmid = {17940944},
title = {{The Medecins Sans Frontieres intervention in the Marburg hemorrhagic fever epidemic, Uige, Angola, 2005. I. Lessons learned in the hospital.}},
url = {http://www.ncbi.nlm.nih.gov/pubmed/17940945 http://www.ncbi.nlm.nih.gov/pubmed/17940944},
volume = {196 Suppl},
year = {2007}
}
@article{Heymann1980,
author = {Heymann, D L and Weisfeld, J S and Webb, P a and Johnson, K M and Cairns, T and Berquist, H},
issn = {0022-1899},
journal = {J. Infect. Dis.},
keywords = {Adolescent,Adult,Aged,Antibodies, Viral,Antibodies, Viral: biosynthesis,Child,Child, Preschool,Democratic Republic of the Congo,Ebolavirus,Ebolavirus: immunology,Ebolavirus: isolation \& purification,Female,Hemorrhagic Fevers, Viral,Hemorrhagic Fevers, Viral: diagnosis,Hemorrhagic Fevers, Viral: epidemiology,Humans,Male,Middle Aged},
month = sep,
number = {3},
pages = {372--6},
pmid = {7441008},
title = {{Ebola hemorrhagic fever: Tandala, Zaire, 1977-1978.}},
url = {http://www.ncbi.nlm.nih.gov/pubmed/7441008},
volume = {142},
year = {1980}
}
@article{Bausch2014,
author = {Bausch, Daniel G. and Schwarz, Lara},
doi = {10.1371/journal.pntd.0003056},
issn = {1935-2735},
journal = {PLoS Negl. Trop. Dis.},
month = jul,
number = {7},
pages = {e3056},
title = {{Outbreak of Ebola Virus Disease in Guinea: Where Ecology Meets Economy}},
url = {http://dx.plos.org/10.1371/journal.pntd.0003056},
volume = {8},
year = {2014}
}
@article{Drazen2014,
author = {Drazen, Jeffrey M. and Kanapathipillai, Rupa and Campion, Edward W. and Rubin, Eric J. and Hammer, Scott M. and Morrissey, Stephen and Baden, Lindsey R.},
doi = {10.1056/NEJMe1413139},
issn = {0028-4793},
journal = {N. Engl. J. Med.},
month = oct,
pages = {141027121134006},
title = {{Ebola and Quarantine}},
url = {http://www.nejm.org/doi/abs/10.1056/NEJMe1413139},
year = {2014}
}
@article{Halloran2014,
author = {Halloran, M Elizabeth and Longini, Ira M},
doi = {10.1126/science.1254166},
issn = {1095-9203},
journal = {Science},
month = sep,
number = {6202},
pages = {1292--4},
pmid = {25214617},
title = {{Emerging, evolving, and established infectious diseases and interventions.}},
url = {http://www.ncbi.nlm.nih.gov/pubmed/25214617},
volume = {345},
year = {2014}
}
@article{Geisbert2011,
author = {Geisbert, Thomas W. and Feldmann, Heinz},
doi = {10.1093/infdis/jir349},
isbn = {0022-1899},
issn = {00221899},
journal = {J. Infect. Dis.},
pmid = {21987744},
title = {{Recombinant vesicular stomatitis virus-based vaccines against Ebola and marburg virus infections}},
volume = {204},
year = {2011}
}
@article{Rid2014a,
author = {Rid, Annette and Emanuel, Ezekiel J},
doi = {10.1001/jama.2014.12869.Conflict},
journal = {JAMA},
title = {{Why Should High-Income Countries Help Combat Ebola ?}},
year = {2014}
}
@article{Brugiere2001,
author = {Brugiere, D. and Sakom, D.},
doi = {10.1017/S0952836901001315},
issn = {09528369},
journal = {J. Zool.},
keywords = {gorilla gorilla gorilla,herbaceous,lowland gorilla,nesting behaviour,population density,rain forest,vegetation},
month = oct,
number = {2},
pages = {251--259},
title = {{Population density and nesting behaviour of lowland gorillas (Gorilla gorilla gorilla) in the Ngotto forest, Central African Republic}},
url = {http://doi.wiley.com/10.1017/S0952836901001315},
volume = {255},
year = {2001}
}
@misc{Murawskia,
author = {Murawski, J},
booktitle = {News Obs.},
title = {{Durham's Chimerix gets approval to test drug on Ebola patients}},
url = {http://www.newsobserver.com/welcome\_page/?shf=/2014/10/16/4238434\_durhams-chimerix-gets-fda-approval.html}
}
@article{Meltzer2014,
author = {Meltzer, Martin I and Atkins, Charisma Y and Santibanez, Scott and Knust, Barbara and Petersen, Brett W and Ervin, Elizabeth D and Nichol, Stuart T and Damon, Inger K and Washington, Michael L},
issn = {1545-8636},
journal = {MMWR. Surveill. Summ.},
month = sep,
pages = {1--14},
pmid = {25254986},
title = {{Estimating the Future Number of Cases in the Ebola Epidemic --- Liberia and Sierra Leone, 2014--2015.}},
url = {http://www.ncbi.nlm.nih.gov/pubmed/25254986},
volume = {63},
year = {2014}
}
@article{Sullivan2000,
author = {Sullivan, Nancy J and Sanchez, Anthony and Rollin, Pierre E and Yang, Zhi-yong Y and Nabel, Gary J},
doi = {10.1038/35046108},
issn = {0028-0836},
journal = {Nature},
keywords = {Adenoviridae,Adenoviridae: genetics,Adenoviridae: immunology,Animals,Antibodies,DNA,DNA: immunology,Democratic Republic of the Congo,Ebola,Ebola: prevention \& control,Ebolavirus,Genetic Vectors,Genetic Vectors: immunology,Guinea Pigs,Hemorrhagic Fever,Immunization,Macaca fascicularis,Mice,Molecular Sequence Data,Nucleocapsid Proteins,Nucleocapsid Proteins: genetics,Nucleocapsid Proteins: immunology,Secondary,Synthetic,Synthetic: genetics,Synthetic: immunology,T-Lymphocytes,T-Lymphocytes: immunology,Vaccines,Viral,Viral Envelope Proteins,Viral Envelope Proteins: genetics,Viral Envelope Proteins: immunology,Viral Vaccines,Viral Vaccines: genetics,Viral Vaccines: immunology,Viral: biosynthesis,Viral: immunology},
month = nov,
number = {6812},
pages = {605--9},
pmid = {11117750},
title = {{Development of a preventive vaccine for Ebola virus infection in primates.}},
url = {http://www.ncbi.nlm.nih.gov/pubmed/11117750},
volume = {408},
year = {2000}
}
@article{Bausch2007c,
author = {Bausch, Daniel G and Towner, Jonathan S and Dowell, Scott F and Kaducu, Felix and Lukwiya, Matthew and Sanchez, Anthony and Nichol, Stuart T and Ksiazek, Thomas G and Rollin, Pierre E},
doi = {10.1086/520545},
issn = {0022-1899},
journal = {J. Infect. Dis.},
keywords = {Body Fluids,Body Fluids: virology,Disease Outbreaks,Ebolavirus,Ebolavirus: genetics,Ebolavirus: isolation \& purification,Fomites,Fomites: virology,Hemorrhagic Fever, Ebola,Hemorrhagic Fever, Ebola: epidemiology,Hemorrhagic Fever, Ebola: mortality,Hemorrhagic Fever, Ebola: transmission,Humans,Reverse Transcriptase Polymerase Chain Reaction,Risk Factors,Saliva,Saliva: virology,Survival Analysis,Uganda,Uganda: epidemiology,Virus Shedding},
month = nov,
number = {Suppl 2},
pages = {S142--7},
pmid = {17940942},
title = {{Assessment of the risk of Ebola virus transmission from bodily fluids and fomites.}},
url = {http://www.ncbi.nlm.nih.gov/pubmed/17940942},
volume = {196 Suppl },
year = {2007}
}
@article{Fernald2008,
author = {Fernald, Lia C. and Gertler, Paul J. and Neufeld, Lynnette M.},
doi = {10.1016/S0140-6736(08)60382-7},
isbn = {1474-547X (Electronic) 0140-6736 (Linking)},
issn = {01406736},
journal = {Lancet},
pages = {828--837},
pmid = {18328930},
title = {{Role of cash in conditional cash transfer programmes for child health, growth, and development: an analysis of Mexico's Oportunidades}},
volume = {371},
year = {2008}
}
@article{Hayes1999,
author = {Hayes, R J and Bennett, S},
doi = {10.1093/ije/28.2.319},
isbn = {0300-5771 (Print) 0300-5771 (Linking)},
issn = {0300-5771},
journal = {Int. J. Epidemiol.},
pages = {319--326},
pmid = {10342698},
title = {{Simple sample size calculation for cluster-randomized trials.}},
volume = {28},
year = {1999}
}
@article{McKie2003,
author = {McKie, John and Richardson, Jeff},
doi = {10.1016/S0277-9536(02)00244-7},
issn = {02779536},
journal = {Soc. Sci. Med.},
keywords = {cost-effectiveness analysis,fairness,qaly,rule of rescue,utilitarianism},
month = jun,
number = {12},
pages = {2407--2419},
title = {{The Rule of Rescue}},
url = {http://linkinghub.elsevier.com/retrieve/pii/S0277953602002447},
volume = {56},
year = {2003}
}
@article{WHO1978,
author = {WHO},
journal = {Bull. World Health Organ.},
number = {2},
pages = {247--270},
title = {{Ebola haemorrhagic fever in Sudan, 1976}},
url = {http://whqlibdoc.who.int/bulletin/1978/Vol56-No2/bulletin\_1978\_56(2)\_247-270.pdf},
volume = {56},
year = {1978}
}
@article{Butler2014a,
author = {Butler, Declan},
doi = {10.1038/515018a},
issn = {1476-4687},
journal = {Nature},
month = nov,
number = {7525},
pages = {18},
pmid = {25373654},
title = {{Models overestimate Ebola cases.}},
url = {http://www.ncbi.nlm.nih.gov/pubmed/25373654},
volume = {515},
year = {2014}
}
@article{Briand2014d,
author = {Briand, Sylvie and Bertherat, Eric and Cox, Paul and Formenty, Pierre and Kieny, Marie-Paule and Myhre, Joel K and Roth, Cathy and Shindo, Nahoko and Dye, Christopher},
doi = {10.1056/NEJMp1409858},
issn = {1533-4406},
journal = {N. Engl. J. Med.},
month = aug,
pages = {1183--1185},
pmid = {25140855},
title = {{The International Ebola Emergency.}},
url = {http://www.ncbi.nlm.nih.gov/pubmed/25140855},
year = {2014}
}
@article{Amman2012a,
annote = {From Duplicate 1 ( },
author = {Amman, Brian R and Carroll, Serena a and Reed, Zachary D and Sealy, Tara K and Balinandi, Stephen and Swanepoel, Robert and Kemp, Alan and Erickson, Bobbie Rae and Comer, James a and Campbell, Shelley and Cannon, Deborah L and Khristova, Marina L and Atimnedi, Patrick and Paddock, Christopher D and Crockett, Rebekah J Kent and Flietstra, Timothy D and Warfield, Kelly L and Unfer, Robert and Katongole-Mbidde, Edward and Downing, Robert and Tappero, Jordan W and Zaki, Sherif R and Rollin, Pierre E and Ksiazek, Thomas G and Nichol, Stuart T and Towner, Jonathan S},
doi = {10.1371/journal.ppat.1002877},
issn = {1553-7374},
journal = {PLoS Pathog.},
keywords = {Animals,Base Sequence,Caves,Chiroptera,Chiroptera: classification,Chiroptera: virology,Disease Reservoirs,Female,Humans,Male,Marburg Virus Disease,Marburg Virus Disease: epidemiology,Marburg Virus Disease: transmission,Marburgvirus,Marburgvirus: genetics,Marburgvirus: isolation \& purification,Nuclear Proteins,Nuclear Proteins: genetics,Phylogeny,RNA,Retrospective Studies,Seasons,Sequence Analysis,Uganda,Uganda: epidemiology,Viral,Viral Regulatory and Accessory Proteins,Viral Regulatory and Accessory Proteins: genetics,Viral: analysis},
month = jan,
number = {10},
pages = {e1002877},
pmid = {23055920},
title = {{Seasonal pulses of Marburg virus circulation in juvenile Rousettus aegyptiacus bats coincide with periods of increased risk of human infection.}},
url = {http://www.pubmedcentral.nih.gov/articlerender.fcgi?artid=3464226\&tool=pmcentrez\&rendertype=abstract},
volume = {8},
year = {2012}
}
@article{Anonymous2012,
author = {Anonymous},
journal = {Jama},
number = {2},
pages = {1849},
title = {{Capitol health call}},
volume = {308},
year = {2012}
}
@article{King2008,
author = {King, Aaron a and Ionides, Edward L and Pascual, Mercedes and Bouma, Menno J},
doi = {10.1038/nature07084},
issn = {1476-4687},
journal = {Nature},
keywords = {Biological,Carrier State,Carrier State: diagnosis,Carrier State: epidemiology,Carrier State: immunology,Carrier State: transmission,Cholera,Cholera: diagnosis,Cholera: epidemiology,Cholera: immunology,Cholera: transmission,Computer Simulation,Databases,Factual,Humans,Immunity,India,India: epidemiology,Innate,Models,Seasons,Time Factors,Vibrio cholerae,Vibrio cholerae: immunology},
month = aug,
number = {7206},
pages = {877--80},
pmid = {18704085},
title = {{Inapparent infections and cholera dynamics.}},
url = {http://www.ncbi.nlm.nih.gov/pubmed/18704085},
volume = {454},
year = {2008}
}

@article {BellPull15,
author = {Bellan, S. E.  and Pulliam, J. R. C.  and Pearson, C. A. B.  and Champredon, D.  and Fox, S. J.  and Skrip, L.  and Galvani, A. P.  and Gambhir, M.  and Lopman, B. A.  and Porco, T. C.  and Meyers, L. A.  and Dushoff, J.},
year = {2015 Apr 14},
title = {{Statistical power and validity of Ebola vaccine trials in Sierra Leone: a simulation study of trial design and analysis.}},
journal = {Lancet Infect Dis},
id = {S1473-3099(15)70139-8 [pii] #AND# 10.1016/S1473-3099(15)70139-8 [doi]},
volume = {15},
pages = {703--710}}

@article{Fauci2014b,
author = {Fauci, Anthony S},
doi = {10.1056/NEJMp1409494},
issn = {1533-4406},
journal = {N. Engl. J. Med.},
month = sep,
number = {12},
pages = {1084--6},
pmid = {25119491},
title = {{Ebola--underscoring the global disparities in health care resources.}},
url = {http://www.ncbi.nlm.nih.gov/pubmed/25119491},
volume = {371},
year = {2014}
}
@article{Leirs1999,
author = {Leirs, H and Mills, J N and Krebs, J W and Childs, J E and Akaibe, D and Woollen, N and Ludwig, G and Peters, C J and Ksiazek, T G},
doi = {10.1086/514299},
issn = {0022-1899},
journal = {J. Infect. Dis.},
keywords = {Animals,Antibodies, Viral,Antibodies, Viral: blood,Democratic Republic of the Congo,Democratic Republic of the Congo: epidemiology,Disease Outbreaks,Disease Reservoirs,Ebolavirus,Ebolavirus: immunology,Ebolavirus: isolation \& purification,Ecosystem,Hemorrhagic Fever, Ebola,Hemorrhagic Fever, Ebola: epidemiology,Hemorrhagic Fever, Ebola: transmission,Humans,Vertebrates,Vertebrates: virology,Zoonoses,Zoonoses: virology},
month = feb,
number = {Suppl 1},
pages = {S155--63},
pmid = {9988179},
title = {{Search for the Ebola virus reservoir in Kikwit, Democratic Republic of the Congo: reflections on a vertebrate collection.}},
url = {http://www.ncbi.nlm.nih.gov/pubmed/9988179},
volume = {179 Suppl },
year = {1999}
}
@article{Lai2015,
author = {Lai, Lilin and Davey, Richard and Beck, Allison and Xu, Yongxian and Suffredini, Anthony F. and Palmore, Tara and Kabbani, Sarah and Rogers, Susan and Kobinger, Gary and Alimonti, Judie and Link, Charles J. and Rubinson, Lewis and Str\"{o}her, Ute and Wolcott, Mark and Dorman, William and Uyeki, Timothy M. and Feldmann, Heinz and Lane, H. Clifford and Mulligan, Mark J.},
doi = {10.1001/jama.2015.1995},
issn = {0098-7484},
journal = {Jama},
pages = {1--7},
title = {{Emergency Postexposure Vaccination With Vesicular Stomatitis Virus–Vectored Ebola Vaccine After Needlestick}},
url = {http://jama.jamanetwork.com/article.aspx?doi=10.1001/jama.2015.1995},
volume = {30030},
year = {2015}
}
@article{Sullivan2009,
author = {Sullivan, Nancy J and Martin, Julie E and Graham, Barney S and Nabel, Gary J},
doi = {10.1038/nrmicro2129},
issn = {1740-1534},
journal = {Nat. Rev. Microbiol.},
keywords = {Animals,Ebola Vaccines,Ebola Vaccines: immunology,Hemorrhagic Fever, Ebola,Hemorrhagic Fever, Ebola: immunology,Hemorrhagic Fever, Ebola: prevention \& control,Hemorrhagic Fever, Ebola: virology,Humans,United States,United States Food and Drug Administration,United States Food and Drug Administration: legisl},
month = may,
number = {5},
pages = {393--400},
pmid = {19369954},
title = {{Correlates of protective immunity for Ebola vaccines: implications for regulatory approval by the animal rule.}},
url = {http://www.ncbi.nlm.nih.gov/pubmed/19369954},
volume = {7},
year = {2009}
}
@book{InternationalCommitteeonTaxonomyofViruses2014a,
address = {Edinburgh},
author = {{International Committee on Taxonomy of Viruses}},
title = {{Virus Taxonomy 2013}},
url = {http://ictvonline.org/virusTaxonomy.asp},
year = {2014}
}
@article{Wolinsky2006,
author = {Wolinsky, Howard and Clinical, Good},
journal = {Eur. Mol. Biol. Organ. Reports},
number = {7},
pages = {670--672},
title = {{The battle of Helsinki}},
volume = {7},
year = {2006}
}
@article{Towner2006,
author = {Towner, Jonathan S and Khristova, Marina L and Sealy, Tara K and Vincent, Martin J and Erickson, Bobbie R and Bawiec, Darcy a and Hartman, Amy L and Comer, James a and Zaki, Sherif R and Str\"{o}her, Ute and {Gomes da Silva}, Filomena and del Castillo, Fernando and Rollin, Pierre E and Ksiazek, Thomas G and Nichol, Stuart T},
doi = {10.1128/JVI.00069-06},
issn = {0022-538X},
journal = {J. Virol.},
keywords = {Angola,Angola: epidemiology,Base Sequence,Disease Outbreaks,Disease Outbreaks: history,Female,Genome, Viral,Genome, Viral: genetics,History, 21st Century,Humans,Kenya,Kenya: epidemiology,Male,Marburg Virus Disease,Marburg Virus Disease: genetics,Marburg Virus Disease: history,Marburg Virus Disease: mortality,Marburg Virus Disease: transmission,Marburgvirus,Marburgvirus: genetics,Molecular Sequence Data,Mutation,Reverse Transcriptase Polymerase Chain Reaction,Sequence Analysis, RNA,Species Specificity},
month = jul,
number = {13},
pages = {6497--516},
pmid = {16775337},
title = {{Marburgvirus genomics and association with a large hemorrhagic fever outbreak in Angola.}},
url = {http://www.pubmedcentral.nih.gov/articlerender.fcgi?artid=1488971\&tool=pmcentrez\&rendertype=abstract},
volume = {80},
year = {2006}
}
@article{Chowell2014,
author = {Chowell, G and Viboud, C},
journal = {arXiv Prepr. arXiv \ldots},
title = {{The Western Africa Ebola virus disease epidemic exhibits both global exponential and local polynomial growth rates}},
url = {http://arxiv.org/abs/1411.7364},
year = {2014}
}
@article{Busico1999,
author = {Busico, K M and Marshall, K L and Ksiazek, T G and Roels, T H and Fleerackers, Y and Feldmann, H and Khan, a S and Peters, C J},
doi = {10.1086/514309},
issn = {0022-1899},
journal = {J. Infect. Dis.},
keywords = {Adolescent,Adult,Antibodies, Viral,Antibodies, Viral: blood,Democratic Republic of the Congo,Democratic Republic of the Congo: epidemiology,Disease Outbreaks,Ebolavirus,Ebolavirus: immunology,Female,Forestry,Hemorrhagic Fever, Ebola,Hemorrhagic Fever, Ebola: epidemiology,Hemorrhagic Fever, Ebola: immunology,Humans,Immunoglobulin G,Immunoglobulin G: blood,Male,Occupations,Rural Population,Urban Population},
month = feb,
pages = {S102--7},
pmid = {9988172},
title = {{Prevalence of IgG antibodies to Ebola virus in individuals during an Ebola outbreak, Democratic Republic of the Congo, 1995.}},
url = {http://www.ncbi.nlm.nih.gov/pubmed/9988172},
volume = {179 Suppl },
year = {1999}
}
@article{Laver2008,
author = {Laver, Peter N. and Kelly, Marcella J.},
doi = {10.2193/2005-589},
issn = {0022-541X},
journal = {J. Wildl. Manage.},
keywords = {1943,a formal concept,asymptote,burt,core,estimators,has existed for some,has had a relatively,home range,kernel density,methodology,reporting,seton 1909,short and tempestuous published,software,the home range as,time,while informal home-range estimation},
month = jan,
number = {1},
pages = {290--298},
title = {{A Critical Review of Home Range Studies}},
url = {http://www.bioone.org/doi/abs/10.2193/2005-589},
volume = {72},
year = {2008}
}
@article{Geisbert2009,
author = {Geisbert, Thomas W and Geisbert, Joan B and Leung, Anders and Daddario-DiCaprio, Kathleen M and Hensley, Lisa E and Grolla, Allen and Feldmann, Heinz},
doi = {10.1128/JVI.00561-09},
issn = {1098-5514},
journal = {J. Virol.},
keywords = {Animals,Antibodies, Viral,Antibodies, Viral: blood,Disease Models, Animal,Ebolavirus,Ebolavirus: immunology,Hemorrhagic Fever, Ebola,Hemorrhagic Fever, Ebola: immunology,Hemorrhagic Fever, Ebola: prevention \& control,Hemorrhagic Fever, Ebola: virology,Humans,Immunization,Immunoglobulin G,Immunoglobulin G: blood,Macaca fascicularis,Marburg Virus Disease,Marburg Virus Disease: immunology,Marburg Virus Disease: prevention \& control,Marburg Virus Disease: virology,Marburgvirus,Marburgvirus: immunology,Primates,Primates: immunology,Primates: virology,Random Allocation,Viral Vaccines,Viral Vaccines: administration \& dosage,Viral Vaccines: immunology},
month = jul,
number = {14},
pages = {7296--304},
pmid = {19386702},
title = {{Single-injection vaccine protects nonhuman primates against infection with marburg virus and three species of ebola virus.}},
url = {http://www.pubmedcentral.nih.gov/articlerender.fcgi?artid=2704787\&tool=pmcentrez\&rendertype=abstract},
volume = {83},
year = {2009}
}
@article{Donovan2014,
annote = {some info on WA HCW who got zmapp, should get better info},
author = {Donovan, G Kevin},
doi = {10.1186/1747-5341-9-15},
issn = {1747-5341},
journal = {Philos. Ethics. Humanit. Med.},
keywords = {Ebola,Epidemic,Ethics,Experimental treatments,Global health,ebola,epidemic,ethics,experimental treatments,global health},
month = oct,
number = {1},
pages = {15},
pmid = {25342227},
title = {{Ebola, epidemics, and ethics - what we have learned.}},
url = {http://www.ncbi.nlm.nih.gov/pubmed/25342227},
volume = {9},
year = {2014}
}
@article{Chu2014,
author = {Chu, Kathryn M and Jayaraman, Sudha and Kyamanywa, Patrick and Ntakiyiruta, Georges},
doi = {10.1371/journal.pmed.1001612},
issn = {1549-1676},
journal = {PLoS Med.},
month = mar,
number = {3},
pages = {e1001612},
pmid = {24618823},
title = {{Building research capacity in Africa: equity and global health collaborations.}},
url = {http://www.pubmedcentral.nih.gov/articlerender.fcgi?artid=3949667\&tool=pmcentrez\&rendertype=abstract},
volume = {11},
year = {2014}
}
@article{Jones2005,
author = {Jones, Steven M and Feldmann, Heinz and Str\"{o}her, Ute and Geisbert, Joan B and Fernando, Lisa and Grolla, Allen and Klenk, Hans-Dieter and Sullivan, Nancy J and Volchkov, Viktor E and Fritz, Elizabeth a and Daddario, Kathleen M and Hensley, Lisa E and Jahrling, Peter B and Geisbert, Thomas W},
doi = {10.1038/nm1258},
issn = {1078-8956},
journal = {Nat. Med.},
keywords = {Animals,Antibody Formation,Attenuated,Attenuated: genetics,Attenuated: immunology,Attenuated: pharmacology,Combined,Combined: genetics,Combined: immunology,Combined: pharmacology,Cross Reactions,Ebola Vaccines,Ebola Vaccines: immunology,Ebola Vaccines: pharmacology,Ebolavirus,Ebolavirus: immunology,Marburgvirus,Marburgvirus: immunology,Primates,Synthetic,Synthetic: genetics,Synthetic: immunology,Synthetic: pharmacology,Vaccines,Vesicular stomatitis Indiana virus,Vesicular stomatitis Indiana virus: genetics,Viral Vaccines,Viral Vaccines: genetics,Viral Vaccines: immunology,Viral Vaccines: pharmacology,Viremia,Viremia: immunology,Viremia: virology,Virus Replication},
month = jul,
number = {7},
pages = {786--90},
pmid = {15937495},
title = {{Live attenuated recombinant vaccine protects nonhuman primates against Ebola and Marburg viruses.}},
url = {http://www.ncbi.nlm.nih.gov/pubmed/15937495},
volume = {11},
year = {2005}
}
@article{Pulliam2007,
annote = {doi:10.1371/journal.pone.0000165},
author = {Pulliam, Juliet R C and Dushoff, Jonathan G and Levin, Simon A and Dobson, Andrew P},
journal = {PLoS One},
number = {1},
pages = {e165},
publisher = {Public Library of Science},
title = {{Epidemic Enhancement in Partially Immune Populations}},
url = {http://dx.plos.org/10.1371/journal.pone.0000165},
volume = {2},
year = {2007}
}
@article{Gomes2014,
author = {Gomes, Marcelo F C and Pastore, Ana and Rossi, Luca and Chao, Dennis and Longini, Ira and Halloran, M Elizabeth and Vespignani, Alessandro},
doi = {10.1371/currents.outbreaks.cd818f63d40e24aef769dda7df9e0da5.Abstract},
journal = {PLOS Curr. Outbreaks},
pages = {1--17},
title = {{Assessing the International Spreading Risk Associated with the 2014 West African Ebola Outbreak}},
year = {2014}
}
@article{Hendrickson2013,
author = {Hendrickson, Author and Sher, L and Lisa, P},
doi = {10.1093/infdis},
pages = {11--13},
title = {{As Ebola Epidemic Begins to Slow, Trials of Drugs andVaccines Speed Up}},
volume = {1},
year = {2013}
}
@article{LaVange2005,
author = {LaVange, Lisa M and Durham, Todd A and Koch, Gary G},
doi = {10.1191/0962280205sm397oa},
issn = {0962-2802},
journal = {Stat. Methods Med. Res.},
pages = {281--301},
pmid = {15969304},
title = {{Randomization-based nonparametric methods for the analysis of multicentre trials.}},
volume = {14},
year = {2005}
}
@article{Roddy2010,
author = {Roddy, Paul and Thomas, Sara L and Jeffs, Benjamin and {Nascimento Folo}, Pascoal and {Pablo Palma}, Pedro and {Moco Henrique}, Bengi and Villa, Luis and {Damiao Machado}, Fernando Paixao and Bernal, Oscar and Jones, Steven M and Strong, James E and Feldmann, Heinz and Borchert, Matthias},
doi = {10.1086/652748},
issn = {1537-6613},
journal = {J. Infect. Dis.},
keywords = {Adolescent,Adult,Angola,Animals,Child,Child, Preschool,Contact Tracing,Female,Humans,Infant,Male,Marburg Virus Disease,Marburg Virus Disease: diagnosis,Marburg Virus Disease: epidemiology,Marburg Virus Disease: pathology,Marburg Virus Disease: virology,Marburgvirus,Marburgvirus: genetics,Marburgvirus: isolation \& purification,Middle Aged,Reverse Transcriptase Polymerase Chain Reaction,Sensitivity and Specificity,Young Adult},
month = jun,
number = {12},
pages = {1909--18},
pmid = {20441515},
title = {{Factors associated with Marburg hemorrhagic fever: analysis of patient data from Uige, Angola.}},
url = {http://www.pubmedcentral.nih.gov/articlerender.fcgi?artid=3407405\&tool=pmcentrez\&rendertype=abstract},
volume = {201},
year = {2010}
}
